@comment{以下日本語の本} -------------------------------------------------------------------
@book{日置qft,
    author    = {日置 善郎},
    title     = {場の量子論--摂動計算の基礎--},
    publisher = {吉岡書店},
    edition   = {3},
    year      = {2022},
}

@comment{以下英語の本} -------------------------------------------------------------------
@book{AitchisonI,
    author    = {Ian J.R. Aitchison and Anthony J.G. Hey},
    title     = {Gauge Theories in Particle Physics: A Practical Introduction, Volume 1 : From Relativistic Quantum Mechanics to QED},
    publisher = {CRC Press},
    dition   = {Fifth},
    year      = {2024},
}

@book{AitchisonII,
    author    = {Ian J.R. Aitchison and Anthony J.G. Hey},
    title     = {Gauge Theories in Particle Physics: A Practical Introduction, Volume 2 : Non-Abelian Gauge Theories: QCD and The Electroweak Theory},
    publisher = {CRC Press},
    edition   = {Fifth},
    year      = {2024},
}

@comment{以下記事（数理科学，素粒子論研究，原子核研究，授業ノート）} -----------------------------
@article{中村_2011,
    author    = {中村 真},
    title     = {ゲージ・重力対応とその応用},
    journal   = {素粒子論研究・電子版},
    volume    = {7},
    year      = {2011}
}

@article{夏梅線形応答,
    title     = {線形応答理論で学ぶAdS/CFT双対性},
    author    = {夏梅 誠},
    journal   = {素粒子論研究},
    volume    = {118},
    number    = {2},
    pages     = {87-120},
    year      = {2010},
    doi       = {10.24532/soken.118.2_87},
    note      = {\url{https://cir.nii.ac.jp/crid/1390001204069525888}}
}

@misc{楠瀬多体電子論,
    author    = {楠瀬 博明},
    title     = {多体電子論},
    year      = {2014},
    note      = {\url{https://www.isc.meiji.ac.jp/~hk/memo.html}}
}

@misc{石本生物の流体数理,
    author    = {石本 健太},
    howpublished = {},
    title     = {生物の流体数理},
    year      = {2019},
    note      = {\url{https://www.math.kyoto-u.ac.jp/~kenta.ishimoto/jp/lecture-notes.html}},
}


@comment{以下SGC} -------------------------------------------------------------------
@book{土屋SGC,
    author    = {土屋 麻人},
    title     = {弦理論と行列模型},
    series    = {SGCライブラリ},
    volume    = {104},
    publisher = {サイエンス社},
    year      = {2014},
}

@book{佐藤SGC,
    author    = {佐藤 勇二},
    title     = {弦理論と可積分性h},
    series    = {SGCライブラリ},
    number    = {165},
    publisher = {サイエンス社},
    year      = {2021},
    edition   = {2}
}

@book{北SGC,
    author    = {北 孝文},
    title     = {統計力学から理解する超伝導理論},
    series    = {SGCライブラリ},
    number    = {167},
    publisher = {サイエンス社},
    year      = {2021},
    edition   = {2}
}

@comment{以下学位論文} -------------------------------------------------------------------

@PhDThesis{藤田12例,
author = "藤田 恵",
title = "{BDI}モデルに基づく自律エージェントの行動決定アルゴリズムの拡張および応用",
type = "博士論文",
school = "奈良女子大学大学院人間文化研究科",
year = 2012,
}
@MastersThesis{山西11例,
author = "山西 康世",
title = "{MUA}における分類学習機能の実装",
type = "修士論文",
school = "奈良女子大学大学院人間文化研究科",
year = 2011,
}

@comment{以下論文} -------------------------------------------------------------------
@article{Martin:1997ns,
    author = "Martin, Stephen P.",
    editor = "Kane, Gordon L.",
    title = "{A Supersymmetry primer}",
    eprint = "hep-ph/9709356",
    archivePrefix = "arXiv",
    reportNumber = "FERMILAB-PUB-97-425-T",
    doi = "10.1142/9789812839657_0001",
    journal = "Adv. Ser. Direct. High Energy Phys.",
    volume = "18",
    pages = "1--98",
    year = "1998"
}

@article{Maldacena:1997re,
    author = "Maldacena, Juan Martin",
    title = "{The Large $N$ limit of superconformal field theories and supergravity}",
    eprint = "hep-th/9711200",
    archivePrefix = "arXiv",
    reportNumber = "HUTP-97-A097, HUTP-98-A097",
    doi = "10.4310/ATMP.1998.v2.n2.a1",
    journal = "Adv. Theor. Math. Phys.",
    volume = "2",
    pages = "231--252",
    year = "1998"
}

@article{Witten:1998qj,
    author = "Witten, Edward",
    title = "{Anti de Sitter space and holography}",
    eprint = "hep-th/9802150",
    archivePrefix = "arXiv",
    reportNumber = "IASSNS-HEP-98-15",
    doi = "10.4310/ATMP.1998.v2.n2.a2",
    journal = "Adv. Theor. Math. Phys.",
    volume = "2",
    pages = "253--291",
    year = "1998"
}

@article{Hartnoll:2008vx,
    author = "Hartnoll, Sean A. and Herzog, Christopher P. and Horowitz, Gary T.",
    title = "{Building a Holographic Superconductor}",
    eprint = "0803.3295",
    archivePrefix = "arXiv",
    primaryClass = "hep-th",
    reportNumber = "NSF-KITP-08-38, PUPT-2261",
    doi = "10.1103/PhysRevLett.101.031601",
    journal = "Phys. Rev. Lett.",
    volume = "101",
    pages = "031601",
    year = "2008"
}

@article{Hartnoll:2008kx,
    author = "Hartnoll, Sean A. and Herzog, Christopher P. and Horowitz, Gary T.",
    title = "{Holographic Superconductors}",
    eprint = "0810.1563",
    archivePrefix = "arXiv",
    primaryClass = "hep-th",
    doi = "10.1088/1126-6708/2008/12/015",
    journal = "JHEP",
    volume = "12",
    pages = "015",
    year = "2008"
}

@article{Hartnoll:2009sz,
    author = "Hartnoll, Sean A.",
    editor = "Uranga, A. M.",
    title = "{Lectures on holographic methods for condensed matter physics}",
    eprint = "0903.3246",
    archivePrefix = "arXiv",
    primaryClass = "hep-th",
    doi = "10.1088/0264-9381/26/22/224002",
    journal = "Class. Quant. Grav.",
    volume = "26",
    pages = "224002",
    year = "2009"
}

@article{Landsteiner:2015lsa,
    author = "Landsteiner, Karl and Liu, Yan",
    title = "{The holographic Weyl semi-metal}",
    eprint = "1505.04772",
    archivePrefix = "arXiv",
    primaryClass = "hep-th",
    reportNumber = "IFT-UAM-CSIC-15-046",
    doi = "10.1016/j.physletb.2015.12.052",
    journal = "Phys. Lett. B",
    volume = "753",
    pages = "453--457",
    year = "2016"
}

@article{Hartnoll:2016apf,
    author = "Hartnoll, Sean A. and Lucas, Andrew and Sachdev, Subir",
    title = "{Holographic quantum matter}",
    eprint = "1612.07324",
    archivePrefix = "arXiv",
    primaryClass = "hep-th",
    month = "12",
    year = "2016"
}










@book{Lang:alg,
  author    = {Lang, Serge},
  title     = {Algebra},
  series    = {Graduate Texts in Mathematics},
  volume    = {211},
  edition   = {Third},
  publisher = {Springer-Verlag, New York},
  year      = {2002},
}
@book{Lang:alg,
  author    = {Lang, Serge},
  title     = {Algebra},
  series    = {Graduate Texts in Mathematics},
  volume    = {211},
  edition   = {Third},
  publisher = {Springer-Verlag, New York},
  year      = {2002},
}
@article{Rin:Diff,
  author   = {Rinehart, George S.},
  title    = {Differential forms on general commutative algebras},
  journal  = {Trans. Amer. Math. Soc.},
  fjournal = {Transactions of the American Mathematical Society},
  volume   = {108},
  year     = {1963},
  pages    = {195--222},
}
@Article{Kamo00,
title = "Computational complexity of fractal sets",
author = "Kamo, Hiroyasu and Kawamura, Kiko and Takeuti, Izumi",
journal = "Real Analysis Exchange",
volume = 26,
number = 2,
pages = "773--794",
year = 2000,
}
@InProceedings{Fujita14,
author = "Megumi Fujita and Yuki Goto and Naoyuki Nide and
Ken Satoh and Hiroshi Hosobe",
title = "Logic-based and robust decision making for robots in real world",
booktitle = "Proc. of AAMAS 2014",
pages = "1685--1686",
year = 2014,
}
@Book{加藤14,
author = "加藤 暢 and 高田 司郎 and 新出 尚之",
title = "数理論理学---合理的エージェントへの応用に向けて---",
publisher = "コロナ社",
year = 2014,
}